<record><leader>00000cas a2200000 a 4500</leader><controlfield tag="001">30308188</controlfield><controlfield tag="008">940421d189u1899iluwr ne      0    0eng c</controlfield><datafield ind1=" " ind2=" " tag="010"><subfield code="a">sn 94054304 </subfield></datafield><datafield ind1=" " ind2=" " tag="040"><subfield code="a">NVF</subfield><subfield code="b">eng</subfield><subfield code="c">NVF</subfield><subfield code="d">CVF</subfield><subfield code="d">OCLCQ</subfield><subfield code="d">NVF</subfield><subfield code="d">CGU</subfield><subfield code="d">NVF</subfield><subfield code="d">OCLCF</subfield><subfield code="d">OCLCO</subfield></datafield><datafield ind1="1" ind2=" " tag="029"><subfield code="a">AU@</subfield><subfield code="b">000010976661</subfield></datafield><datafield ind1=" " ind2=" " tag="042"><subfield code="a">pcc</subfield></datafield><datafield ind1=" " ind2=" " tag="043"><subfield code="a">n-us-il</subfield></datafield><datafield ind1="0" ind2=" " tag="130"><subfield code="a">Weekly Republican (Joliet, Ill.)</subfield></datafield><datafield ind1="1" ind2="4" tag="245"><subfield code="a">The weekly Republican.</subfield></datafield><datafield ind1=" " ind2=" " tag="260"><subfield code="a">Joliet, Ill. :</subfield><subfield code="b">Hayes &amp; Fletcher,</subfield><subfield code="c">[189-?]-1899.</subfield></datafield><datafield ind1=" " ind2=" " tag="300"><subfield code="a">v.</subfield></datafield><datafield ind1=" " ind2=" " tag="310"><subfield code="a">Weekly</subfield></datafield><datafield ind1="0" ind2=" " tag="362"><subfield code="a">-v. 54, no. 7 (Sept. 22, 1899).</subfield></datafield><datafield ind1=" " ind2=" " tag="515"><subfield code="a">Issues for Jan. 7-14, 1898 erroneously designated as Jan. 7-14, 1897.</subfield></datafield><datafield ind1=" " ind2=" " tag="515"><subfield code="a">Issues for &lt;Jan. 6, 1893&gt;-Sept. 22, 1899 called also &lt;whole no. 3306&gt;-4191.</subfield></datafield><datafield ind1=" " ind2=" " tag="580"><subfield code="a">Daily ed.: Daily Republican (Joliet, Ill.), &lt;1893&gt;-1899.</subfield></datafield><datafield ind1=" " ind2=" " tag="588"><subfield code="a">Description based on: Vol. 47, no. 22 (Jan. 6, 1893).</subfield></datafield><datafield ind1=" " ind2="0" tag="651"><subfield code="a">Joliet (Ill.)</subfield><subfield code="v">Newspapers.</subfield></datafield><datafield ind1=" " ind2="7" tag="655"><subfield code="a">Newspapers.</subfield><subfield code="2">fast</subfield><subfield code="0">(OCoLC)fst01423814</subfield></datafield><datafield ind1=" " ind2="7" tag="651"><subfield code="a">Illinois</subfield><subfield code="z">Joliet.</subfield><subfield code="2">fast</subfield><subfield code="0">(OCoLC)fst01205950</subfield></datafield><datafield ind1=" " ind2=" " tag="752"><subfield code="a">United States</subfield><subfield code="b">Illinois</subfield><subfield code="c">Will</subfield><subfield code="d">Joliet.</subfield></datafield><datafield ind1="0" ind2=" " tag="775"><subfield code="t">Daily Republican (Joliet, Ill.)</subfield><subfield code="w">(DLC)sn 94054308</subfield><subfield code="w">(OCoLC)30308532</subfield></datafield><datafield ind1="0" ind2="8" tag="776"><subfield code="i">Microfilm version:</subfield><subfield code="t">Weekly Republican (Joliet, Ill.)</subfield><subfield code="w">(DLC)  2010262078</subfield><subfield code="w">(OCoLC)643096869</subfield></datafield><datafield ind1="0" ind2="0" tag="780"><subfield code="t">Joliet republic and sun</subfield><subfield code="w">(DLC)sn 94054303</subfield><subfield code="w">(OCoLC)30308149</subfield></datafield><datafield ind1="0" ind2="0" tag="785"><subfield code="t">Joliet weekly Republican</subfield><subfield code="w">(DLC)sn 94054305</subfield><subfield code="w">(OCoLC)30308232</subfield></datafield></record>